@InProceedings{ graffi10p2p,
	author = "Kalman Graffi and Christian Gro{\ss} and Patrick Mukherjee and Aleksandra Kovacevic and Ralf Steinmetz",
	title = {{LifeSocial.KOM: A P2P-based Platform for Secure Online Social Networks}},
	year = "2010",
	booktitle = {{IEEE P2P '10: Proceedings of the International Conference on Peer-to-Peer Computing}},
	research_area = "Peer-to-Peer Networking",
}

@InProceedings{ graffi09p2p,
	author = "Kalman Graffi and Dominik Stingl and Julius R{\"u}ckert and Aleksandra Kovacevic",
	title = {{Monitoring and Management of Structured Peer-to-Peer Systems}},
	year = "2009",
	booktitle = {{IEEE P2P '09: Proceedings of the International Conference on Peer-to-Peer Computing}},
	research_area = "Peer-to-Peer Networking",
}

@InProceedings{ graffi09lcn,
	author = "Kalman Graffi and Patrick Mukherjee and Burkhard Menges and Daniel Hartung and Aleksandra Kovacevic and Ralf Steinmetz",
	title = {{Practical Security in P2P-based Social Networks}},
	year = "2009",
	booktitle = {{IEEE LCN '09: Proceedings of the International Conference on Local Computer Networks}},
	research_area = "Peer-to-Peer Networking, Security",	
}

@InProceedings{ graffi08icpads,
	Author = "Kalman Graffi and Aleksandra Kovacevic and Song Xiao and Ralf Steinmetz",
	Title = "Sky{E}ye.{KOM}: {A}n {I}nformation {M}anagement {O}ver-{O}verlay for {G}etting the {O}racle {V}iew on {S}tructured {P}2{P} {S}ystems",
	BookTitle = {{IEEE ICPADS '08: Proceedings of the International Conference on Parallel and Distributed Systems}},
	year = 2008
}

@InProceedings{ graffi08ism,
	Author = "Kalman Graffi and Sergey Podrajanski and Patrick Mukherjee and Aleksandra Kovacevic and Ralf Steinmetz",
	Title = "A {D}istributed {P}latform for {M}ultimedia {C}ommunities",
	BookTitle = {{IEEE ISM '08: Proceedings of the International Symposium on Multimedia}},
	year = 2008
}

@InProceedings{ graffi08nossdav,
	Author = "Kalman Graffi and Sebastian Kaune and Konstantin Pussep and Aleksandra Kovacevic and Ralf Steinmetz",
	Title = "Load {B}alancing for {M}ultimedia {S}treaming in {H}eterogeneous {P}eer-to-{P}eer {S}ystems",
	BookTitle = {{ACM NOSSDAV '08: Proceedings of the International Workshop on Network and Operating Systems Support for Digital Audio and Video}},
	year = 2008
}

@InProceedings{ graffi08notere,
	Author = "Kalman Graffi and Aleksandra Kovacevic and Nicolas Liebau and Ralf Steinmetz",
	Title = "From {C}ells to {O}rganisms: {L}ong-{T}erm {G}uarantees on {S}ervice {P}rovisioning in {P}eer-to-{P}eer {N}etworks",
	BookTitle = "A{CM} {SIGAPP} {NOTERE} '08: {P}roceedings of the {I}nternational {C}onference on {N}ew {T}echnologies of {D}istributed {S}ystems",
	year = 2008
}

@InProceedings{ graffi07globecom,
	Author = "Kalman Graffi and Parag Mogre and Matthias Hollick and Ralf Steinmetz",
	Title = "Detection of {C}olluding {M}isbehaving {N}odes in {M}obile {A}d {H}oc and {M}esh {N}etworks",
	BookTitle = "I{EEE} {GLOBECOM} 07: {P}roceedings of the {G}lobal {C}ommunications {C}onference, {E}xhibition \& {I}ndustry {F}orum",
	year = 2007
}

@InProceedings{ graffi07lcn,
	Author = "Kalman Graffi and Konstantin Pussep and Sebastian Kaune and Aleksandra Kovacevic and Nicolas Liebau and Ralf Steinmetz",
	Title = "Overlay {B}andwidth {M}anagement: {S}cheduling and {A}ctive {Q}ueue {M}anagement of {O}verlay {F}lows",
	BookTitle = "I{EEE} {LCN} '07: {P}roceedings of the {I}nternational {C}onference on {L}ocal {C}omputer {N}etworks",
	year = 2007
}

@InProceedings{ graffi07p2pnve,
	Author = "Kalman Graffi and Aleksandra Kovacevic and Kyra Wulffert and Ralf Steinmetz",
	Title = "E{CH}o{P}2{P}: {E}mergency {C}all {H}andling over {P}eer-to-{P}eer {O}verlays",
	BookTitle = "{IEEE P2PNVE'07: Proceedings of} the {I}nternational {W}orkshop on {P}eer-to-{P}eer {N}etwork {V}irtual {E}nvironments",
	year = 2007
}

@InProceedings{ abboud09hotp2p,
	author = "Osama Abboud and Aleksandra Kovacevic and Kalman Graffi and Konstantin Pussep and Ralf Steinmetz",
	title = "{Underlay Awareness in P2P Systems: Techniques and Challenges}",
	year = "2009",
	booktitle = "{IEEE IPDPS '09: Proceedings of the International Symposium on Parallel and Distributed Processing}",
}

@InProceedings{ kovacevic08p2pnve,
	author = "Aleksandra Kovacevic and Kalman Graffi and Sebastian Kaune and Christof Leng and Ralf Steinmetz",
	title = "{Towards Benchmarking of Structured Peer-to-Peer Overlays for Network Virtual Environments}",
	year = "2008",
	booktitle = "{IEEE ICPADS '08: Proceedings of the International Conference on Parallel and Distributed Systems}",
}


@InProceedings{ liebau07amcis,
	author = "Nicolas Liebau and Konstantin Pussep and Kalman Graffi and Sebastian Kaune and Eric Jahn and Andr{\'e} Beyer and Ralf Steinmetz",
	title = "{The Impact Of The P2P Paradigm}",
	year = "2007",
	booktitle = "{AMCIS '07: Proceedings of Americas Conference on Information Systems}",
}


@InProceedings{ mogre07lcn,
	author = "Parag Mogre and Kalman Graffi and Matthias Hollick and Ralf Steinmetz",
	title = {{AntSec, WatchAnt and AntRep:Innovative Security Mechanisms for Wireless Mesh Networks}},
	year = "2007",
	booktitle = "{IEEE LCN '07: Proceedings of the International Conference on Local Computer Networks}",
}


